<?xml version="1.0" encoding="UTF-8"?>
<record xmlns="http://www.loc.gov/MARC21/slim">
   <leader>00777cam a22001815  4500</leader>
   <controlfield tag="001">2788215</controlfield>
   <controlfield tag="003">NjP</controlfield>
   <controlfield tag="005">20171013181114.0</controlfield>
   <controlfield tag="008">991121s1908    ua            000 0 ara d</controlfield>
   <datafield tag="024" ind1="7" ind2=" ">
      <subfield code="a">princeton_aco004346</subfield>
      <subfield code="2">local</subfield>
   </datafield>
   <datafield ind1=" " ind2=" " tag="035">
      <subfield code="a">(OCoLC)ocm42866794</subfield>
   </datafield>
   <datafield ind1=" " ind2=" " tag="035">
      <subfield code="9">CNJ7252TS</subfield>
   </datafield>
   <datafield ind1=" " ind2=" " tag="040">
      <subfield code="a">PUL</subfield>
      <subfield code="c">PUL</subfield>
   </datafield>
   <datafield ind1="1" ind2=" " tag="100">
      <subfield code="a">Nabhānī, Yūsuf ibn Ismāʻīl,</subfield>
      <subfield code="d">1849 or 50-1932.</subfield>
      <subfield code="0">http://id.loc.gov/authorities/names/n80040115</subfield>
   </datafield>
   <datafield ind1="0" ind2="0" tag="245">
      <subfield code="a">Saʻādat al-anām fī ittibāʻ dīn al-Islām wa-tawḍīḥ al-farq baynahu wa-bayna dīn al-Naṣārā fī al-ʻaqāʾid wa-al-aḥkām [wa-yalīhā Mukhtaṣar irshād al-ḥayārā fī taḥdhīr al-Muslimīn min madāris al-Naṣārā.</subfield>
   </datafield>
   <datafield ind1=" " ind2=" " tag="260">
      <subfield code="a">Cairo,</subfield>
      <subfield code="c">1326? [1908?]</subfield>
   </datafield>
   <datafield ind1=" " ind2=" " tag="300">
      <subfield code="a">46, 20 p.</subfield>
      <subfield code="c">20 cm.</subfield>
   </datafield>
   <datafield ind1=" " ind2=" " tag="546">
      <subfield code="a">In Arabic.</subfield>
   </datafield>
   <datafield ind1=" " ind2=" " tag="945">
      <subfield code="a">F</subfield>
      <subfield code="b">1</subfield>
      <subfield code="c">2272.6969.373</subfield>
   </datafield>
   <datafield ind1=" " ind2=" " tag="911">
      <subfield code="a">20000130</subfield>
   </datafield>
   <datafield ind1="8" ind2="0" tag="852">
      <subfield code="0">3099179</subfield>
      <subfield code="b">rcppa</subfield>
      <subfield code="t">1</subfield>
      <subfield code="h">2272.6969.373</subfield>
      <subfield code="x">tr fr f</subfield>
   </datafield>
   <datafield ind1=" " ind2=" " tag="959">
      <subfield code="a">2009-05-04 09:11:09 -0500</subfield>
   </datafield>
</record>
